@book{harrell2015regression,
  title={Regression Modeling Strategies: With Applications to Linear Models, Logistic and Ordinal Regression, and Survival Analysis},
  author={Harrell, Frank E.},
  isbn={9783319194257},
  series={Springer Series in Statistics},
  url={https://books.google.com/books?id=94RgCgAAQBAJ},
  year={2015},
  publisher={Springer International Publishing}
}

@book{agresti2003categorical,
  title={Categorical Data Analysis},
  author={Agresti, Alan},
  isbn={9780471458760},
  series={Wiley Series in Probability and Statistics},
  year={2003},
  publisher={Wiley}
}

@article{dungang2018residuals,
  author = {Dungang Liu and Heping Zhang},
  title = {Residuals and Diagnostics for Ordinal Regression Models: A Surrogate Approach},
  journal = {Journal of the American Statistical Association},
  volume = {113},
  number = {522},
  pages = {845-854},
  year  = {2018},
  publisher = {Taylor & Francis},
  doi = {10.1080/01621459.2017.1292915},
  URL = { https://doi.org/10.1080/01621459.2017.1292915},
}

@article{greenwell2018residuals,
  title = {Residuals and diagnostics for binary and ordinal regression models: An introduction to the sure package.},
  author = {Brandon M. Greenwell and Andrew J. McCarthy and Bradley C. Boehmke and Dungang Lui},
  journal = {The R Journal},
  year = {2018},
  volume = {10},
  number = {1},
  pages = {1--14},
  url = {https://journal.r-project.org/archive/2018/RJ-2018-004/index.html},
}

@inproceedings{platt-1999-probabilistic,
  author = {John C. Platt},
  title = {Probabilistic Outputs for Support Vector Machines and Comparisons to Regularized Likelihood Methods},
  booktitle = {Advances in Large Margin Classifiers},
  year = {1999},
  pages = {61--74},
  publisher = {MIT Press}
}

@book{hastie2015statistical,
  title={Statistical Learning with Sparsity: The Lasso and Generalizations},
  author={Hastie, T. and Tibshirani, R. and Wainwright, M.},
  isbn={9781498712163},
  series={Chapman \& Hall/CRC Monographs on Statistics \& Applied Probability},
  year={2015},
  publisher={Taylor \& Francis}
}

@book{xie2015,
  title = {Dynamic Documents with {R} and knitr},
  author = {Yihui Xie},
  publisher = {Chapman and Hall/CRC},
  address = {Boca Raton, Florida},
  year = {2015},
  edition = {2nd},
  note = {ISBN 978-1498716963},
  url = {http://yihui.name/knitr/},
}

@book{apm,
  title={Applied predictive modeling},
  author={Kuhn, Max and Johnson, Kjell},
  volume={26},
  year={2013},
  publisher={Springer}
}

@article{de2011ames,
  title={Ames, Iowa: Alternative to the Boston housing data as an end of semester regression project},
  author={De Cock, Dean},
  journal={Journal of Statistics Education},
  volume={19},
  number={3},
  year={2011},
  publisher={Taylor \& Francis}
}

@article{wolpert1996lack,
  title={The lack of a priori distinctions between learning algorithms},
  author={Wolpert, David H},
  journal={Neural computation},
  volume={8},
  number={7},
  pages={1341--1390},
  year={1996},
  publisher={MIT Press}
}

@inproceedings{lecun1990handwritten,
  title={Handwritten digit recognition with a back-propagation network},
  author={LeCun, Yann and Boser, Bernhard E and Denker, John S and Henderson, Donnie and Howard, Richard E and Hubbard, Wayne E and Jackel, Lawrence D},
  booktitle={Advances in neural information processing systems},
  pages={396--404},
  year={1990}
}

@article{chawla2002smote,
  title={SMOTE: synthetic minority over-sampling technique},
  author={Chawla, Nitesh V and Bowyer, Kevin W and Hall, Lawrence O and Kegelmeyer, W Philip},
  journal={Journal of artificial intelligence research},
  volume={16},
  pages={321--357},
  year={2002}
}

@article{lecun1998gradient,
  title={Gradient-based learning applied to document recognition},
  author={LeCun, Yann and Bottou, L{\'e}on and Bengio, Yoshua and Haffner, Patrick},
  journal={Proceedings of the IEEE},
  volume={86},
  number={11},
  pages={2278--2324},
  year={1998},
  publisher={IEEE}
}

@article{cirecsan2012multi,
  title={Multi-column deep neural networks for image classification},
  author={Cire{\c{s}}an, Dan and Meier, Ueli and Schmidhuber, J{\"u}rgen},
  journal={arXiv preprint arXiv:1202.2745},
  year={2012}
}

@book{wickham2016r,
  title={R for data science: import, tidy, transform, visualize, and model data},
  author={Wickham, Hadley and Grolemund, Garrett},
  year={2016},
  publisher={O'Reilly Media, Inc.}
}

@book{wickham2014advanced,
  title={Advanced R},
  author={Wickham, Hadley},
  year={2014},
  publisher={Chapman and Hall/CRC}
}

@book{esl,
  title={The elements of statistical learning},
  author={Friedman, Jerome and Hastie, Trevor and Tibshirani, Robert},
  volume={1},
  year={2001},
  publisher={Springer series in statistics New York, NY, USA:}
}

@book{goodfellow2016deep,
  title={Deep learning},
  author={Goodfellow, Ian and Bengio, Yoshua and Courville, Aaron and Bengio, Yoshua},
  volume={1},
  year={2016},
  publisher={MIT press Cambridge}
}

@book{zheng2018feature,
  title={Feature Engineering for Machine Learning: Principles and Techniques for Data Scientists},
  author={Zheng, Alice and Casari, Amanda},
  year={2018},
  publisher={"O'Reilly Media, Inc."}
}

@book{kuhn2019feature,
  title={Feature Engineering and Selection: A Practical Approach for Predictive Models},
  author={Kuhn, Max and Johnson, Kjell},
  year={2019},
  publisher={"Chapman & Hall/CRC"}
}

@techreport{myers1990classical,
  title={Classical and modern regression with applications},
  author={Myers, Raymond H},
  year={1990}
}

@article{hoerl1970ridge,
  title={Ridge regression: Biased estimation for nonorthogonal problems},
  author={Hoerl, Arthur E and Kennard, Robert W},
  journal={Technometrics},
  volume={12},
  number={1},
  pages={55--67},
  year={1970},
  publisher={Taylor \& Francis Group}
}

@article{shah2014comparison,
  title={Comparison of random forest and parametric imputation models for imputing missing data using MICE: a CALIBER study},
  author={Shah, Anoop D and Bartlett, Jonathan W and Carpenter, James and Nicholas, Owen and Hemingway, Harry},
  journal={American journal of epidemiology},
  volume={179},
  number={6},
  pages={764--774},
  year={2014},
  publisher={Oxford University Press}
}

@article{stekhoven2015missforest,
  title={missForest: Nonparametric missing value imputation using random forest},
  author={Stekhoven, Daniel J},
  journal={Astrophysics Source Code Library},
  year={2015}
}

@article{tibshirani1996regression,
  title={Regression shrinkage and selection via the lasso},
  author={Tibshirani, Robert},
  journal={Journal of the Royal Statistical Society. Series B (Methodological)},
  pages={267--288},
  year={1996},
  publisher={JSTOR}
}

@article{zou2005regularization,
  title={Regularization and variable selection via the elastic net},
  author={Zou, Hui and Hastie, Trevor},
  journal={Journal of the Royal Statistical Society: Series B (Statistical Methodology)},
  volume={67},
  number={2},
  pages={301--320},
  year={2005},
  publisher={Wiley Online Library}
}

@article{harrison1978hedonic,
  title={Hedonic housing prices and the demand for clean air},
  author={Harrison Jr, David and Rubinfeld, Daniel L},
  journal={Journal of environmental economics and management},
  volume={5},
  number={1},
  pages={81--102},
  year={1978},
  publisher={Elsevier}
}

@article{goldstein2015peeking,
  title={Peeking inside the black box: Visualizing statistical learning with plots of individual conditional expectation},
  author={Goldstein, Alex and Kapelner, Adam and Bleich, Justin and Pitkin, Emil},
  journal={Journal of Computational and Graphical Statistics},
  volume={24},
  number={1},
  pages={44--65},
  year={2015},
  publisher={Taylor \& Francis}
}

@article{breiman2001random,
  title={Random forests},
  author={Breiman, Leo},
  journal={Machine learning},
  volume={45},
  number={1},
  pages={5--32},
  year={2001},
  publisher={Springer}
}

@book{geron2017hands,
  title={Hands-on machine learning with Scikit-Learn and TensorFlow: concepts, tools, and techniques to build intelligent systems},
  author={G{\'e}ron, Aur{\'e}lien},
  year={2017},
  publisher={" O'Reilly Media, Inc."}
}

@unpublished{kuhnMLtraining2019,
title= {Applied Machine Learning},
author = {Kuhn, Max},
year = {2019},
note= {RStudio Conference},
}

@unpublished{kuhnFormula,
title= {The R Formula Method: The Bad Parts},
author = {Kuhn, Max},
year = {2017},
url = {https://rviews.rstudio.com/2017/03/01/the-r-formula-method-the-bad-parts/}
}

@article{molinaro2005prediction,
  title={Prediction error estimation: a comparison of resampling methods},
  author={Molinaro, Annette M and Simon, Richard and Pfeiffer, Ruth M},
  journal={Bioinformatics},
  volume={21},
  number={15},
  pages={3301--3307},
  year={2005},
  publisher={Oxford University Press}
}

@article{hawkins2003assessing,
  title={Assessing model fit by cross-validation},
  author={Hawkins, Douglas M and Basak, Subhash C and Mills, Denise},
  journal={Journal of chemical information and computer sciences},
  volume={43},
  number={2},
  pages={579--586},
  year={2003},
  publisher={ACS Publications}
}

@article{kim2009estimating,
  title={Estimating classification error rate: Repeated cross-validation, repeated hold-out and bootstrap},
  author={Kim, Ji-Hyun},
  journal={Computational statistics \& data analysis},
  volume={53},
  number={11},
  pages={3735--3745},
  year={2009},
  publisher={Elsevier}
}

@article{efron1986bootstrap,
  title={Bootstrap methods for standard errors, confidence intervals, and other measures of statistical accuracy},
  author={Efron, Bradley and Tibshirani, Robert},
  journal={Statistical science},
  pages={54--75},
  year={1986},
  publisher={JSTOR}
}

@article{efron1983estimating,
  title={Estimating the error rate of a prediction rule: improvement on cross-validation},
  author={Efron, Bradley},
  journal={Journal of the American statistical association},
  volume={78},
  number={382},
  pages={316--331},
  year={1983},
  publisher={Taylor \& Francis}
}

@book{davison1997bootstrap,
  title={Bootstrap methods and their application},
  author={Davison, Anthony Christopher and Hinkley, David Victor and others},
  volume={1},
  year={1997},
  publisher={Cambridge university press}
}

@book{hyndman2018forecasting,
  title={Forecasting: principles and practice},
  author={Hyndman, Rob J and Athanasopoulos, George},
  year={2018},
  publisher={OTexts}
}

@article{efron1997improvements,
  title={Improvements on cross-validation: the 632+ bootstrap method},
  author={Efron, Bradley and Tibshirani, Robert},
  journal={Journal of the American Statistical Association},
  volume={92},
  number={438},
  pages={548--560},
  year={1997},
  publisher={Taylor \& Francis}
}

@article{breiman2001statistical,
  title={Statistical modeling: The two cultures (with comments and a rejoinder by the author)},
  author={Breiman, Leo and others},
  journal={Statistical science},
  volume={16},
  number={3},
  pages={199--231},
  year={2001},
  publisher={Institute of Mathematical Statistics}
}

@article{bergstra2012random,
  title={Random search for hyper-parameter optimization},
  author={Bergstra, James and Bengio, Yoshua},
  journal={Journal of Machine Learning Research},
  volume={13},
  number={Feb},
  pages={281--305},
  year={2012}
}

@article{kuhn2014futility,
  title={Futility analysis in the cross-validation of machine learning models},
  author={Kuhn, Max},
  journal={arXiv preprint arXiv:1405.6974},
  year={2014}
}

@article{box1964analysis,
  title={An analysis of transformations},
  author={Box, George EP and Cox, David R},
  journal={Journal of the Royal Statistical Society. Series B (Methodological)},
  pages={211--252},
  year={1964},
  publisher={JSTOR}
}

@article{carroll1981prediction,
  title={On prediction and the power transformation family},
  author={Carroll, Raymond J and Ruppert, David},
  journal={Biometrika},
  volume={68},
  number={3},
  pages={609--615},
  year={1981},
  publisher={Oxford University Press}
}

@misc{quartz,
  title = {The Quartz guide to bad data},
  howpublished = {\url{https://github.com/Quartz/bad-data-guide}},
  note = {Accessed: 2018-07-11}
}

@book{little2014statistical,
  title={Statistical analysis with missing data},
  author={Little, Roderick JA and Rubin, Donald B},
  volume={333},
  year={2014},
  publisher={John Wiley \& Sons}
}

@article{gower1971general,
  title={A general coefficient of similarity and some of its properties},
  author={Gower, John C},
  journal={Biometrics},
  pages={857--871},
  year={1971},
  publisher={JSTOR}
}

@article{saeys2007review,
  title={A review of feature selection techniques in bioinformatics},
  author={Saeys, Yvan and Inza, I{\~n}aki and Larra{\~n}aga, Pedro},
  journal={bioinformatics},
  volume={23},
  number={19},
  pages={2507--2517},
  year={2007},
  publisher={Oxford University Press}
}

@article{kursa2010feature,
  title={Feature selection with the Boruta package},
  author={Kursa, Miron B and Rudnicki, Witold R and others},
  journal={J Stat Softw},
  volume={36},
  number={11},
  pages={1--13},
  year={2010}
}

@article{granitto2006recursive,
  title={Recursive feature elimination with random forest for PTR-MS analysis of agroindustrial products},
  author={Granitto, Pablo M and Furlanello, Cesare and Biasioli, Franco and Gasperi, Flavia},
  journal={Chemometrics and Intelligent Laboratory Systems},
  volume={83},
  number={2},
  pages={83--90},
  year={2006},
  publisher={Elsevier}
}

@article{maldonado2009wrapper,
  title={A wrapper method for feature selection using support vector machines},
  author={Maldonado, Sebasti{\'a}n and Weber, Richard},
  journal={Information Sciences},
  volume={179},
  number={13},
  pages={2208--2217},
  year={2009},
  publisher={Elsevier}
}

@article{micci2001preprocessing,
  title={A preprocessing scheme for high-cardinality categorical attributes in classification and prediction problems},
  author={Micci-Barreca, Daniele},
  journal={ACM SIGKDD Explorations Newsletter},
  volume={3},
  number={1},
  pages={27--32},
  year={2001},
  publisher={ACM}
}

@article{zumel2016vtreat,
  title={vtreat: a data. frame Processor for Predictive Modeling},
  author={Zumel, Nina and Mount, John},
  journal={arXiv preprint arXiv:1611.09477},
  year={2016}
}

@book{west2014linear,
  title={Linear mixed models: a practical guide using statistical software},
  author={West, Brady T and Welch, Kathleen B and Galecki, Andrzej T},
  year={2014},
  publisher={Chapman and Hall/CRC}
}

@article{guo2016entity,
  title={Entity embeddings of categorical variables},
  author={Guo, Cheng and Berkhahn, Felix},
  journal={arXiv preprint arXiv:1604.06737},
  year={2016}
}

@book{chollet2018deep,
  title={Deep Learning with R},
  author={Chollet, Fran{\c{c}}ois and Allaire, Joseph J},
  year={2018},
  publisher={Manning Publications Company}
}

@book{kutner-2005-applied,
  author = {Kutner, M. H. and Nachtsheim, C. J. and Neter, J. and Li, W.},
  edition = {5th},
  publisher = {McGraw Hill},
  isbn = {9780073108742},
  title = {Applied Linear Statistical Models},
  year = {2005}
}

@book{faraway-2016-linear,
  title = {Linear models with R},
  author = {Faraway, Julian J.},
  year = {2016},
  publisher = {Chapman and Hall/CRC}
}

@article{massy1965principal,
  title={Principal components regression in exploratory statistical research},
  author={Massy, William F},
  journal={Journal of the American Statistical Association},
  volume={60},
  number={309},
  pages={234--256},
  year={1965},
  publisher={Taylor \& Francis Group}
}

@article{geladi1986partial,
  title={Partial least-squares regression: a tutorial},
  author={Geladi, Paul and Kowalski, Bruce R},
  journal={Analytica chimica acta},
  volume={185},
  pages={1--17},
  year={1986},
  publisher={Elsevier}
}

@book{faraway2016extending,
  title={Extending the linear model with R: generalized linear, mixed effects and nonparametric regression models},
  author={Faraway, Julian J.},
  volume={124},
  year={2016},
  publisher={CRC press}
}

@article{friedman1991multivariate,
  title={Multivariate adaptive regression splines},
  author={Friedman, Jerome H},
  journal={The annals of statistics},
  pages={1--67},
  year={1991},
  publisher={JSTOR}
}

@article{golub1979generalized,
  title={Generalized cross-validation as a method for choosing a good ridge parameter},
  author={Golub, Gene H and Heath, Michael and Wahba, Grace},
  journal={Technometrics},
  volume={21},
  number={2},
  pages={215--223},
  year={1979},
  publisher={Taylor \& Francis Group}
}

@article{stone1997polynomial,
  title={Polynomial splines and their tensor products in extended linear modeling: 1994 Wald memorial lecture},
  author={Stone, Charles J and Hansen, Mark H and Kooperberg, Charles and Truong, Young K and others},
  journal={The Annals of Statistics},
  volume={25},
  number={4},
  pages={1371--1470},
  year={1997},
  publisher={Institute of Mathematical Statistics}
}

@article{jiang2012improved,
  title={An improved K-nearest-neighbor algorithm for text categorization},
  author={Jiang, Shengyi and Pang, Guansong and Wu, Meiling and Kuang, Limin},
  journal={Expert Systems with Applications},
  volume={39},
  number={1},
  pages={1503--1509},
  year={2012},
  publisher={Elsevier}
}

@article{stacked-wolpert-1992,
  author = {David H. Wolpert},
  title = {Stacked Generalization},
  journal = {Neural Networks},
  year = {1992},
  volume = {5},
  pages = {241--259},
}

@article{super-laan-2003,
  author = {Mark J. van der Laan and Eric C. Polley and Alan E. Hubbard},
  title = {Super Learner},
  journal = {Statistical Applications in Genetics and Molecular Biology},
  year = {2003},
  volume = {6},
  number = {1},
}

@article{extremely-geurts-2006,
  author = {Geurts, Pierre and Ernst, Damien and Wehenkel, Louis},
  title = {Extremely randomized trees},
  journal = {Machine Learning},
  year = {2006},
  volume = {63},
  number = {1},
  pages = {3--42},
  url = {https://doi.org/10.1007/s10994-006-6226-1},
}

@inproceedings{mccord2011spam,
  title={Spam detection on twitter using traditional classifiers},
  author={Mccord, Michael and Chuah, M},
  booktitle={international conference on Autonomic and trusted computing},
  pages={175--186},
  year={2011},
  organization={Springer}
}

@incollection{auto-sklearn,
  title = {Efficient and Robust Automated Machine Learning},
  author = {Feurer, Matthias and Klein, Aaron and Eggensperger, Katharina and
             Springenberg, Jost and Blum, Manuel and Hutter, Frank},
  booktitle = {Advances in Neural Information Processing Systems 28},
  editor = {C. Cortes and N. D. Lawrence and D. D. Lee and M. Sugiyama and R. Garnett},
  pages = {2962--2970},
  year = {2015},
  publisher = {Curran Associates, Inc.},
  url = {http://papers.nips.cc/paper/5872-efficient-and-robust-automated-machine-learning.pdf}
}

@misc{mayo_2017,
  title = {The Current State of Automated Machine Learning},
  url = {https://www.kdnuggets.com/2017/01/current-state-automated-machine-learning.html},
  journal = {KDnuggets},
  author = {Mayo, Matthew},
  year = {2017},
}

@misc{uciml,
  author = {M. Lichman},
  year = {2013},
  title = {{UCI} Machine Learning Repository},
  url = {http://archive.ics.uci.edu/ml},
  institution = {University of California, Irvine, School of Information and Computer Sciences} }
  
@book{han2011data,
  title={Data mining: concepts and techniques},
  author={Han, Jiawei and Pei, Jian and Kamber, Micheline},
  year={2011},
  publisher={Elsevier}
}

@article{de2000mahalanobis,
  title={The mahalanobis distance},
  author={De Maesschalck, Roy and Jouan-Rimbaud, Delphine and Massart, D{\'e}sir{\'e} L},
  journal={Chemometrics and intelligent laboratory systems},
  volume={50},
  number={1},
  pages={1--18},
  year={2000},
  publisher={Elsevier}
}

@book{efron2016computer,
  title={Computer age statistical inference},
  author={Efron, Bradley and Hastie, Trevor},
  volume={5},
  year={2016},
  publisher={Cambridge University Press}
}

@article{cunningham2007k,
  title={k-Nearest neighbour classifiers},
  author={Cunningham, Padraig and Delany, Sarah Jane},
  journal={Multiple Classifier Systems},
  volume={34},
  number={8},
  pages={1--17},
  year={2007},
  publisher={Springer New York, NY, USA}
}

@inproceedings{beygelzimer2006cover,
  title={Cover trees for nearest neighbor},
  author={Beygelzimer, Alina and Kakade, Sham and Langford, John},
  booktitle={Proceedings of the 23rd international conference on Machine learning},
  pages={97--104},
  year={2006},
  organization={ACM}
}

@inproceedings{robinson1981kdb,
  title={The KDB-tree: a search structure for large multidimensional dynamic indexes},
  author={Robinson, John T},
  booktitle={Proceedings of the 1981 ACM SIGMOD international conference on Management of data},
  pages={10--18},
  year={1981},
  organization={ACM}
}

@book{bruce2017practical,
  title={Practical Statistics for Data Scientists: 50 Essential Concepts},
  author={Bruce, Peter and Bruce, Andrew},
  year={2017},
  publisher={" O'Reilly Media, Inc."}
}

@article{fisher1936use,
  title={The use of multiple measurements in taxonomic problems},
  author={Fisher, Ronald A},
  journal={Annals of eugenics},
  volume={7},
  number={2},
  pages={179--188},
  year={1936},
  publisher={Wiley Online Library}
}

@book{breiman2017classification,
  title={Classification and regression trees},
  author={Breiman, Leo},
  year={1984},
  publisher={Routledge}
}

@article{quinlan1986induction,
  title={Induction of decision trees},
  author={Quinlan, J. Ross},
  journal={Machine learning},
  volume={1},
  number={1},
  pages={81--106},
  year={1986},
  publisher={Springer}
}

@inproceedings{quinlan1996bagging,
  title={Bagging, boosting, and C4. 5},
  author={Quinlan, J Ross and others},
  booktitle={AAAI/IAAI, Vol. 1},
  pages={725--730},
  year={1996}
}

@article{kass1980exploratory,
  title={An exploratory technique for investigating large quantities of categorical data},
  author={Kass, Gordon V},
  journal={Applied statistics},
  pages={119--127},
  year={1980},
  publisher={JSTOR}
}

@article{hothorn2006unbiased,
  title={Unbiased recursive partitioning: A conditional inference framework},
  author={Hothorn, Torsten and Hornik, Kurt and Zeileis, Achim},
  journal={Journal of Computational and Graphical statistics},
  volume={15},
  number={3},
  pages={651--674},
  year={2006},
  publisher={Taylor \& Francis}
}

@book{breiman1984nonlinear,
  title={Nonlinear discriminant analysis via scaling and ACE},
  author={Breiman, Leo and Ihaka, Ross},
  year={1984},
  publisher={Department of Statistics, University of California}
}

@book{ripley2007pattern,
  title={Pattern recognition and neural networks},
  author={Ripley, Brian D},
  year={2007},
  publisher={Cambridge university press}
}

@article{fisher1958grouping,
  title={On grouping for maximum homogeneity},
  author={Fisher, Walter D},
  journal={Journal of the American statistical Association},
  volume={53},
  number={284},
  pages={789--798},
  year={1958},
  publisher={Taylor \& Francis}
}

@article{loh1988tree,
  title={Tree-structured classification via generalized discriminant analysis},
  author={Loh, Wei-Yin and Vanichsetakul, Nunta},
  journal={Journal of the American Statistical Association},
  volume={83},
  number={403},
  pages={715--725},
  year={1988},
  publisher={Taylor \& Francis Group}
}

@misc{therneau1997introduction,
  title={An introduction to recursive partitioning using the RPART routines},
  author={Therneau, Terry M and Atkinson, Elizabeth J and others},
  year={1997},
  publisher={Technical Report 61. URL http://www. mayo. edu/hsr/techrpt/61. pdf}
}

@inproceedings{dietterich2000ensemble,
  title={Ensemble methods in machine learning},
  author={Dietterich, Thomas G},
  booktitle={International workshop on multiple classifier systems},
  pages={1--15},
  year={2000},
  organization={Springer}
}

@article{dietterich2000experimental,
  title={An experimental comparison of three methods for constructing ensembles of decision trees: Bagging, boosting, and randomization},
  author={Dietterich, Thomas G},
  journal={Machine learning},
  volume={40},
  number={2},
  pages={139--157},
  year={2000},
  publisher={Springer}
}

@book{surowiecki2005wisdom,
  title={The wisdom of crowds},
  author={Surowiecki, James},
  year={2005},
  publisher={Anchor}
}

@article{breiman1996bagging,
  title={Bagging predictors},
  author={Breiman, Leo},
  journal={Machine learning},
  volume={24},
  number={2},
  pages={123--140},
  year={1996},
  publisher={Springer}
}

@article{probst2018tunability,
  title={Tunability: Importance of hyperparameters of machine learning algorithms},
  author={Probst, Philipp and Bischl, Bernd and Boulesteix, Anne-Laure},
  journal={arXiv preprint arXiv:1802.09596},
  year={2018}
}

@article{probst1804hyperparameters,
  title={Hyperparameters and tuning strategies for random forest},
  author={Probst, Philipp and Wright, Marvin N and Boulesteix, Anne-Laure},
  journal={Wiley Interdisciplinary Reviews: Data Mining and Knowledge Discovery},
  pages={e1301},
  year={1804},
  publisher={Wiley Online Library}
}

@article{diaz2006gene,
  title={Gene selection and classification of microarray data using random forest},
  author={D{\'\i}az-Uriarte, Ram{\'o}n and De Andres, Sara Alvarez},
  journal={BMC bioinformatics},
  volume={7},
  number={1},
  pages={3},
  year={2006},
  publisher={BioMed Central}
}

@article{goldstein2011random,
  title={Random forests for genetic association studies},
  author={Goldstein, Benjamin A and Polley, Eric C and Briggs, Farren BS},
  journal={Statistical applications in genetics and molecular biology},
  volume={10},
  number={1},
  year={2011},
  publisher={De Gruyter}
}

@article{segal2004machine,
  title={Machine learning benchmarks and random forest regression},
  author={Segal, Mark R},
  year={2004}
}

@article{janitza2016pitfalls,
  title={Pitfalls of hypothesis tests and model selection on bootstrap samples: causes and consequences in biometrical applications},
  author={Janitza, Silke and Binder, Harald and Boulesteix, Anne-Laure},
  journal={Biometrical Journal},
  volume={58},
  number={3},
  pages={447--473},
  year={2016},
  publisher={Wiley Online Library}
}

@article{strobl2007bias,
  title={Bias in random forest variable importance measures: Illustrations, sources and a solution},
  author={Strobl, Carolin and Boulesteix, Anne-Laure and Zeileis, Achim and Hothorn, Torsten},
  journal={BMC bioinformatics},
  volume={8},
  number={1},
  pages={25},
  year={2007},
  publisher={BioMed Central}
}

@article{geurts2006extremely,
  title={Extremely randomized trees},
  author={Geurts, Pierre and Ernst, Damien and Wehenkel, Louis},
  journal={Machine learning},
  volume={63},
  number={1},
  pages={3--42},
  year={2006},
  publisher={Springer}
}

@article{hothorn2006unbiased,
  title={Unbiased recursive partitioning: A conditional inference framework},
  author={Hothorn, Torsten and Hornik, Kurt and Zeileis, Achim},
  journal={Journal of Computational and Graphical statistics},
  volume={15},
  number={3},
  pages={651--674},
  year={2006},
  publisher={Taylor \& Francis}
}

@article{hothorn2015partykit,
  title={partykit: A modular toolkit for recursive partytioning in R},
  author={Hothorn, Torsten and Zeileis, Achim},
  journal={The Journal of Machine Learning Research},
  volume={16},
  number={1},
  pages={3905--3909},
  year={2015},
  publisher={JMLR. org}
}

@article{JSSv077i01,
   author = {Marvin Wright and Andreas Ziegler},
   title = {ranger: A Fast Implementation of Random Forests for High Dimensional Data in C++ and R},
   journal = {Journal of Statistical Software, Articles},
   volume = {77},
   number = {1},
   year = {2017},
   keywords = {C++; classification; machine learning; R; random forests; Rcpp; recursive partitioning; survival analysis},
   abstract = {We introduce the C++ application and R package ranger. The software is a fast implementation of random forests for high dimensional data. Ensembles of classification, regression and survival trees are supported. We describe the implementation, provide examples, validate the package with a reference implementation, and compare runtime and memory usage with other implementations. The new software proves to scale best with the number of features, samples, trees, and features tried for splitting. Finally, we show that ranger is the fastest and most memory efficient implementation of random forests to analyze data on the scale of a genome-wide association study.},
   issn = {1548-7660},
   pages = {1--17},
   doi = {10.18637/jss.v077.i01},
   url = {https://www.jstatsoft.org/v077/i01}
}

@Article{randomForest,
    title = {Classification and Regression by randomForest},
    author = {Andy Liaw and Matthew Wiener},
    journal = {R News},
    year = {2002},
    volume = {2},
    number = {3},
    pages = {18-22},
    url = {https://CRAN.R-project.org/doc/Rnews/},
  }
  
@Manual{gbm-pkg,
    title = {gbm: Generalized Boosted Regression Models},
    author = {Greg Ridgeway with contributions from others},
    year = {2017},
    note = {R package version 2.1.3},
    url = {https://CRAN.R-project.org/package=gbm},
  }  
  
@Manual{xgboost-pkg,
    title = {xgboost: Extreme Gradient Boosting},
    author = {Tianqi Chen and Tong He and Michael Benesty and Vadim Khotilovich and Yuan Tang and Hyunsu Cho and Kailong Chen and Rory Mitchell and Ignacio Cano and Tianyi Zhou and Mu Li and Junyuan Xie and Min Lin and Yifeng Geng and Yutian Li},
    year = {2018},
    note = {R package version 0.71.2},
    url = {https://CRAN.R-project.org/package=xgboost},
  }  
  
@article{schapire1990strength,
  title={The strength of weak learnability},
  author={Schapire, Robert E},
  journal={Machine learning},
  volume={5},
  number={2},
  pages={197--227},
  year={1990},
  publisher={Springer}
}

@article{freund1999adaptive,
  title={Adaptive game playing using multiplicative weights},
  author={Freund, Yoav and Schapire, Robert E},
  journal={Games and Economic Behavior},
  volume={29},
  number={1-2},
  pages={79--103},
  year={1999},
  publisher={Elsevier}
}  

@article{friedman2001greedy,
  title={Greedy function approximation: a gradient boosting machine},
  author={Friedman, Jerome H},
  journal={Annals of statistics},
  pages={1189--1232},
  year={2001},
  publisher={JSTOR}
}

@article{friedman2002stochastic,
  title={Stochastic gradient boosting},
  author={Friedman, Jerome H},
  journal={Computational statistics \& data analysis},
  volume={38},
  number={4},
  pages={367--378},
  year={2002},
  publisher={Elsevier}
}

@inproceedings{xgboost-paper,
 author = {Chen, Tianqi and Guestrin, Carlos},
 title = {{XGBoost}: A Scalable Tree Boosting System},
 booktitle = {Proceedings of the 22nd ACM SIGKDD International Conference on Knowledge Discovery and Data Mining},
 series = {KDD '16},
 year = {2016},
 isbn = {978-1-4503-4232-2},
 location = {San Francisco, California, USA},
 pages = {785--794},
 numpages = {10},
 url = {http://doi.acm.org/10.1145/2939672.2939785},
 doi = {10.1145/2939672.2939785},
 acmid = {2939785},
 publisher = {ACM},
 address = {New York, NY, USA},
 keywords = {large-scale machine learning},
}

@article{JMLR:v15:srivastava14a,
  author  = {Nitish Srivastava and Geoffrey Hinton and Alex Krizhevsky and Ilya Sutskever and Ruslan Salakhutdinov},
  title   = {Dropout: A Simple Way to Prevent Neural Networks from Overfitting},
  journal = {Journal of Machine Learning Research},
  year    = {2014},
  volume  = {15},
  pages   = {1929-1958},
  url     = {http://jmlr.org/papers/v15/srivastava14a.html}
}

@inproceedings{rashmi2015dart,
  title={DART: Dropouts meet Multiple Additive Regression Trees.},
  author={Rashmi, Korlakai Vinayak and Gilad-Bachrach, Ran},
  booktitle={AISTATS},
  pages={489--497},
  year={2015}
}

@inproceedings{ke2017lightgbm,
  title={Lightgbm: A highly efficient gradient boosting decision tree},
  author={Ke, Guolin and Meng, Qi and Finley, Thomas and Wang, Taifeng and Chen, Wei and Ma, Weidong and Ye, Qiwei and Liu, Tie-Yan},
  booktitle={Advances in Neural Information Processing Systems},
  pages={3146--3154},
  year={2017}
}

@article{dorogush2018catboost,
  title={CatBoost: gradient boosting with categorical features support},
  author={Dorogush, Anna Veronika and Ershov, Vasily and Gulin, Andrey},
  journal={arXiv preprint arXiv:1810.11363},
  year={2018}
}

@misc{wikiMNIST,
   author = "{Wikipedia contributors}",
   title = "MNIST database",
   year = "n.d.",
   url = "https://en.wikipedia.org/wiki/MNIST_database",
   note = "[Online; accessed 15-April-2019]"
 }
 
 @misc{wikinnets,
   author = "{Warren S. Sarle}",
   title = "comp.ai.neural-nets FAQ",
   year = "n.d.",
   url = "http://www.faqs.org/faqs/ai-faq/neural-nets/part2/",
   note = "[Online; accessed 116-April-2019]"
 }
 
 @Manual{R-keras,
    title = {keras: R Interface to 'Keras'},
    author = {JJ Allaire and François Chollet},
    year = {2019},
    note = {R package version 2.2.4.1},
    url = {https://CRAN.R-project.org/package=keras},
  }
  
@book{chollet2018deep,
  title={Deep Learning with R},
  author={Chollet, Fran{\c{c}}ois and Allaire, Joseph J},
  year={2018},
  publisher={Shelter Island: Manning Publications Company}
}  

@article{ruder2016overview,
  title={An overview of gradient descent optimization algorithms},
  author={Ruder, Sebastian},
  journal={arXiv preprint arXiv:1609.04747},
  year={2016}
}

@article{ioffe2015batch,
  title={Batch normalization: Accelerating deep network training by reducing internal covariate shift},
  author={Ioffe, Sergey and Szegedy, Christian},
  journal={arXiv preprint arXiv:1502.03167},
  year={2015}
}

@article{srivastava2014dropout,
  title={Dropout: a simple way to prevent neural networks from overfitting},
  author={Srivastava, Nitish and Hinton, Geoffrey and Krizhevsky, Alex and Sutskever, Ilya and Salakhutdinov, Ruslan},
  journal={The Journal of Machine Learning Research},
  volume={15},
  number={1},
  pages={1929--1958},
  year={2014},
  publisher={JMLR. org}
}

@article{hinton2012improving,
  title={Improving neural networks by preventing co-adaptation of feature detectors},
  author={Hinton, Geoffrey E and Srivastava, Nitish and Krizhevsky, Alex and Sutskever, Ilya and Salakhutdinov, Ruslan R},
  journal={arXiv preprint arXiv:1207.0580},
  year={2012}
}

@article{kingma2014adam,
  title={Adam: A method for stochastic optimization},
  author={Kingma, Diederik P and Ba, Jimmy},
  journal={arXiv preprint arXiv:1412.6980},
  year={2014}
}

@Manual{R-tfruns,
    title = {tfruns: Training Run Tools for 'TensorFlow'},
    author = {JJ Allaire},
    year = {2018},
    note = {R package version 1.4},
    url = {https://CRAN.R-project.org/package=tfruns},
  }
  
@Manual{R-super,
    title = {SuperLearner: Super Learner Prediction},
    author = {Eric Polley and Erin LeDell and Chris Kennedy and Mark {van der Laan}},
    year = {2018},
    note = {R package version 2.0-24},
    url = {https://CRAN.R-project.org/package=SuperLearner},
  }
  
@article{sapp2014subsemble,
  title={Subsemble: an ensemble method for combining subset-specific algorithm fits},
  author={Sapp, Stephanie and van der Laan, Mark J and Canny, John},
  journal={Journal of applied statistics},
  volume={41},
  number={6},
  pages={1247--1259},
  year={2014},
  publisher={Taylor \& Francis}
}

@Manual{R-subsemble,
    title = {subsemble: An Ensemble Method for Combining Subset-Specific Algorithm Fits},
    author = {Erin LeDell and Stephanie Sapp and Mark {van der Laan}},
    year = {2014},
    note = {R package version 0.0.9.9000},
    url = {https://github.com/ledell/subsemble},
  }
  
@Manual{R-caretEnsemble,
    title = {caretEnsemble: Ensembles of Caret Models},
    author = {Zachary A. Deane-Mayer and Jared E. Knowles},
    year = {2016},
    note = {R package version 2.0.0},
    url = {https://CRAN.R-project.org/package=caretEnsemble},
  }  
  
@article{breiman1996stacked,
  title={Stacked regressions},
  author={Breiman, Leo},
  journal={Machine learning},
  volume={24},
  number={1},
  pages={49--64},
  year={1996},
  publisher={Springer}
}

@article{van2007super,
  title={Super learner},
  author={Van der Laan, Mark J and Polley, Eric C and Hubbard, Alan E},
  journal={Statistical applications in genetics and molecular biology},
  volume={6},
  number={1},
  year={2007},
  publisher={De Gruyter}
}

@article{doshi2017towards,
  title={Towards a rigorous science of interpretable machine learning},
  author={Doshi-Velez, Finale and Kim, Been},
  journal={arXiv preprint arXiv:1702.08608},
  year={2017}
}

@article{fisher2018model,
  title={Model Class Reliance: Variable Importance Measures for any Machine Learning Model Class, from the" Rashomon" Perspective},
  author={Fisher, Aaron and Rudin, Cynthia and Dominici, Francesca},
  journal={arXiv preprint arXiv:1801.01489},
  year={2018}
}

@Article{R-iml,
    author = {Christoph Molnar and Bernd Bischl and Giuseppe Casalicchio},
    title = {iml: An R package for Interpretable Machine Learning},
    doi = {10.21105/joss.00786},
    url = {http://joss.theoj.org/papers/10.21105/joss.00786},
    year = {2018},
    publisher = {Journal of Open Source Software},
    volume = {3},
    number = {26},
    pages = {786},
    journal = {JOSS},
  }

@Article{R-DALEX,
    title = {DALEX: Explainers for Complex Predictive Models in R},
    author = {Przemyslaw Biecek},
    journal = {Journal of Machine Learning Research},
    year = {2018},
    volume = {19},
    pages = {1-5},
    number = {84},
    url = {http://jmlr.org/papers/v19/18-416.html},
  }
  
@Manual{R-lime,
    title = {lime: Local Interpretable Model-Agnostic Explanations},
    author = {Thomas Lin Pedersen and Michaël Benesty},
    year = {2018},
    note = {R package version 0.4.1},
    url = {https://CRAN.R-project.org/package=lime},
  }  
  
@Article{R-pdp,
    title = {pdp: An R Package for Constructing Partial Dependence Plots},
    author = {Brandon M. Greenwell},
    journal = {The R Journal},
    year = {2017},
    volume = {9},
    number = {1},
    pages = {421--436},
    url = {https://journal.r-project.org/archive/2017/RJ-2017-016/index.html},
  }  
  
@article{greenwell2018simple,
  title={A Simple and Effective Model-Based Variable Importance Measure},
  author={Greenwell, Brandon M and Boehmke, Bradley C and McCarthy, Andrew J},
  journal={arXiv preprint arXiv:1805.04755},
  year={2018}
} 

@article{friedman2008predictive,
  title={Predictive learning via rule ensembles},
  author={Friedman, Jerome H and Popescu, Bogdan E and others},
  journal={The Annals of Applied Statistics},
  volume={2},
  number={3},
  pages={916--954},
  year={2008},
  publisher={Institute of Mathematical Statistics}
}

@inproceedings{ribeiro2016should,
  title={Why should i trust you?: Explaining the predictions of any classifier},
  author={Ribeiro, Marco Tulio and Singh, Sameer and Guestrin, Carlos},
  booktitle={Proceedings of the 22nd ACM SIGKDD international conference on knowledge discovery and data mining},
  pages={1135--1144},
  year={2016},
  organization={ACM}
}

@Manual{vint,
   author = "{Brandon M Greenwell and Bradley C Boehmke}",
   title = "Quantifying the strength of potential interaction effects",
   year = "2019",
   url = "https://koalaverse.github.io/vip/articles/vip-interaction.html"
 }
 
 @article{molnar2018interpretable,
  title={Interpretable machine learning: A guide for making black box models explainable},
  author={Molnar, Christoph and others},
  journal={Christoph Molnar, Leanpub},
  year={2018}
}

@article{lundberg2016unexpected,
  title={An unexpected unity among methods for interpreting model predictions},
  author={Lundberg, Scott and Lee, Su-In},
  journal={arXiv preprint arXiv:1611.07478},
  year={2016}
}

@inproceedings{lundberg2017unified,
  title={A unified approach to interpreting model predictions},
  author={Lundberg, Scott M and Lee, Su-In},
  booktitle={Advances in Neural Information Processing Systems},
  pages={4765--4774},
  year={2017}
}

@article{staniak2018explanations,
  title={Explanations of model predictions with live and breakDown packages},
  author={Staniak, Mateusz and Biecek, Przemyslaw},
  journal={arXiv preprint arXiv:1804.01955},
  year={2018}
}

 @Manual{awesomeIML,
  author = "{Patrick Hall}",
  title = "Awesome machine learning interpretability: A curated, but probably biased and incomplete, list of awesome machine learning interpretability resources.",
  year = "2018",
  url = "https://github.com/jphall663/awesome-machine-learning-interpretability"
 }
 
 @article{pearson1901liii,
  title={LIII. On lines and planes of closest fit to systems of points in space},
  author={Pearson, Karl},
  journal={The London, Edinburgh, and Dublin Philosophical Magazine and Journal of Science},
  volume={2},
  number={11},
  pages={559--572},
  year={1901},
  publisher={Taylor \& Francis}
}

@article{wickham2014tidy,
  title={Tidy data},
  author={Wickham, Hadley and others},
  journal={Journal of Statistical Software},
  volume={59},
  number={10},
  pages={1--23},
  year={2014},
  publisher={Foundation for Open Access Statistics}
}

@Manual{R-pcadapt,
    title = {pcadapt: Fast Principal Component Analysis for Outlier Detection},
    author = {Keurcien Luu and Michael Blum and Florian Privé},
    year = {2019},
    note = {R package version 4.1.0},
    url = {https://CRAN.R-project.org/package=pcadapt},
  }
  
@Manual{R-sparsepca,
    title = {sparsepca: Sparse Principal Component Analysis (SPCA)},
    author = {N. Benjamin Erichson and Peng Zheng and Sasha Aravkin},
    year = {2018},
    note = {R package version 0.1.2},
    url = {https://CRAN.R-project.org/package=sparsepca},
  } 
  
@Article{R-kernlab,
    title = {kernlab -- An {S4} Package for Kernel Methods in {R}},
    author = {Alexandros Karatzoglou and Alex Smola and Kurt Hornik and Achim Zeileis},
    journal = {Journal of Statistical Software},
    year = {2004},
    volume = {11},
    number = {9},
    pages = {1--20},
    url = {http://www.jstatsoft.org/v11/i09/},
  } 
  
@Article{R-visdat,
    title = {visdat: Visualising Whole Data Frames},
    author = {Nicholas Tierney},
    doi = {10.21105/joss.00355},
    url = {http://dx.doi.org/10.21105/joss.00355},
    year = {2017},
    publisher = {Journal of Open Source Software},
    volume = {2},
    number = {16},
    pages = {355},
    journal = {JOSS},
  }
  
@article{udell2016generalized,
  title={Generalized low rank models},
  author={Udell, Madeleine and Horn, Corinne and Zadeh, Reza and Boyd, Stephen and others},
  journal={Foundations and Trends{\textregistered} in Machine Learning},
  volume={9},
  number={1},
  pages={1--118},
  year={2016},
  publisher={Now Publishers, Inc.}
}  

@article{lecun1987modeles,
  title={Modeles connexionnistes de l’apprentissage (connectionist learning models)},
  author={LeCun, Yann},
  journal={0},
  year={1987}
}

@article{bourlard1988auto,
  title={Auto-association by multilayer perceptrons and singular value decomposition},
  author={Bourlard, Herv{\'e} and Kamp, Yves},
  journal={Biological cybernetics},
  volume={59},
  number={4-5},
  pages={291--294},
  year={1988},
  publisher={Springer}
}

@inproceedings{hinton1994autoencoders,
  title={Autoencoders, minimum description length and Helmholtz free energy},
  author={Hinton, Geoffrey E and Zemel, Richard S},
  booktitle={Advances in neural information processing systems},
  pages={3--10},
  year={1994}
}

@misc{wikiautoencoders,
   author = "{Wikipedia contributors}",
   title = "Autoencoder",
   year = "n.d.",
   url = "https://en.wikipedia.org/wiki/Autoencoder",
   note = "[Online; accessed 25-May-2019]"
 }
 
@article{hinton2006reducing,
  title={Reducing the dimensionality of data with neural networks},
  author={Hinton, Geoffrey E and Salakhutdinov, Ruslan R},
  journal={science},
  volume={313},
  number={5786},
  pages={504--507},
  year={2006},
  publisher={American Association for the Advancement of Science}
} 

@inproceedings{poultney2007efficient,
  title={Efficient learning of sparse representations with an energy-based model},
  author={Poultney, Christopher and Chopra, Sumit and Cun, Yann L and others},
  booktitle={Advances in neural information processing systems},
  pages={1137--1144},
  year={2007}
}

@inproceedings{lee2008sparse,
  title={Sparse deep belief net model for visual area V2},
  author={Lee, Honglak and Ekanadham, Chaitanya and Ng, Andrew Y},
  booktitle={Advances in neural information processing systems},
  pages={873--880},
  year={2008}
}

@inproceedings{bengio2013generalized,
  title={Generalized denoising auto-encoders as generative models},
  author={Bengio, Yoshua and Yao, Li and Alain, Guillaume and Vincent, Pascal},
  booktitle={Advances in Neural Information Processing Systems},
  pages={899--907},
  year={2013}
}

@inproceedings{bengio2013generalized,
  title={Generalized denoising auto-encoders as generative models},
  author={Bengio, Yoshua and Yao, Li and Alain, Guillaume and Vincent, Pascal},
  booktitle={Advances in Neural Information Processing Systems},
  pages={899--907},
  year={2013}
}

@inproceedings{vincent2008extracting,
  title={Extracting and composing robust features with denoising autoencoders},
  author={Vincent, Pascal and Larochelle, Hugo and Bengio, Yoshua and Manzagol, Pierre-Antoine},
  booktitle={Proceedings of the 25th international conference on Machine learning},
  pages={1096--1103},
  year={2008},
  organization={ACM}
}

@article{vincent2011connection,
  title={A connection between score matching and denoising autoencoders},
  author={Vincent, Pascal},
  journal={Neural computation},
  volume={23},
  number={7},
  pages={1661--1674},
  year={2011},
  publisher={MIT Press}
}

@inproceedings{sakurada2014anomaly,
  title={Anomaly detection using autoencoders with nonlinear dimensionality reduction},
  author={Sakurada, Mayu and Yairi, Takehisa},
  booktitle={Proceedings of the MLSDA 2014 2nd Workshop on Machine Learning for Sensory Data Analysis},
  pages={4},
  year={2014},
  organization={ACM}
}

@inproceedings{zhou2017anomaly,
  title={Anomaly detection with robust deep autoencoders},
  author={Zhou, Chong and Paffenroth, Randy C},
  booktitle={Proceedings of the 23rd ACM SIGKDD International Conference on Knowledge Discovery and Data Mining},
  pages={665--674},
  year={2017},
  organization={ACM}
}

@article{doersch2016tutorial,
  title={Tutorial on variational autoencoders},
  author={Doersch, Carl},
  journal={arXiv preprint arXiv:1606.05908},
  year={2016}
}

@inproceedings{rifai2011contractive,
  title={Contractive auto-encoders: Explicit invariance during feature extraction},
  author={Rifai, Salah and Vincent, Pascal and Muller, Xavier and Glorot, Xavier and Bengio, Yoshua},
  booktitle={Proceedings of the 28th International Conference on International Conference on Machine Learning},
  pages={833--840},
  year={2011},
  organization={Omnipress}
}

@inproceedings{masci2011stacked,
  title={Stacked convolutional auto-encoders for hierarchical feature extraction},
  author={Masci, Jonathan and Meier, Ueli and Cire{\c{s}}an, Dan and Schmidhuber, J{\"u}rgen},
  booktitle={International Conference on Artificial Neural Networks},
  pages={52--59},
  year={2011},
  organization={Springer}
}

@inproceedings{makhzani2015winner,
  title={Winner-take-all autoencoders},
  author={Makhzani, Alireza and Frey, Brendan J},
  booktitle={Advances in neural information processing systems},
  pages={2791--2799},
  year={2015}
}

@inproceedings{makhzani2014winner,
  title={A winner-take-all method for training sparse convolutional autoencoders},
  author={Makhzani, Alireza and Frey, Brendan},
  booktitle={NIPS Deep Learning Workshop},
  year={2014},
  organization={Citeseer}
}

@article{makhzani2015adversarial,
  title={Adversarial autoencoders},
  author={Makhzani, Alireza and Shlens, Jonathon and Jaitly, Navdeep and Goodfellow, Ian and Frey, Brendan},
  journal={arXiv preprint arXiv:1511.05644},
  year={2015}
}

@article{hartigan1979algorithm,
  title={Algorithm AS 136: A k-means clustering algorithm},
  author={Hartigan, John A and Wong, Manchek A},
  journal={Journal of the Royal Statistical Society. Series C (Applied Statistics)},
  volume={28},
  number={1},
  pages={100--108},
  year={1979},
  publisher={JSTOR}
}

  @Article{R-NbClust,
    title = {{NbClust}: An {R} Package for Determining the Relevant Number of Clusters in a Data Set},
    author = {Malika Charrad and Nadia Ghazzali and V{\'e}ronique Boiteau and Azam Niknafs},
    journal = {Journal of Statistical Software},
    year = {2014},
    volume = {61},
    number = {6},
    pages = {1--36},
    url = {http://www.jstatsoft.org/v61/i06/},
  }
  
@article{rousseeuw1987silhouettes,
  title={Silhouettes: a graphical aid to the interpretation and validation of cluster analysis},
  author={Rousseeuw, Peter J},
  journal={Journal of computational and applied mathematics},
  volume={20},
  pages={53--65},
  year={1987},
  publisher={Elsevier}
}  

@article{tibshirani2001estimating,
  title={Estimating the number of clusters in a data set via the gap statistic},
  author={Tibshirani, Robert and Walther, Guenther and Hastie, Trevor},
  journal={Journal of the Royal Statistical Society: Series B (Statistical Methodology)},
  volume={63},
  number={2},
  pages={411--423},
  year={2001},
  publisher={Wiley Online Library}
}

@article{gower1971general,
  title={A general coefficient of similarity and some of its properties},
  author={Gower, John C},
  journal={Biometrics},
  pages={857--871},
  year={1971},
  publisher={JSTOR}
}

@book{kaufman2009finding,
  title={Finding groups in data: an introduction to cluster analysis},
  author={Kaufman, Leonard and Rousseeuw, Peter J},
  volume={344},
  year={2009},
  publisher={John Wiley \& Sons}
}

@article{fraley2002model,
  title={Model-based clustering, discriminant analysis, and density estimation},
  author={Fraley, Chris and Raftery, Adrian E},
  journal={Journal of the American statistical Association},
  volume={97},
  number={458},
  pages={611--631},
  year={2002},
  publisher={Taylor \& Francis}
}

@article{banfield1993model,
  title={Model-based Gaussian and non-Gaussian clustering},
  author={Banfield, Jeffrey D and Raftery, Adrian E},
  journal={Biometrics},
  pages={803--821},
  year={1993},
  publisher={JSTOR}
}

@Manual{e1071-pkg,
    title = {e1071: Misc Functions of the Department of Statistics, Probability
Theory Group (Formerly: E1071), TU Wien},
    author = {David Meyer and Evgenia Dimitriadou and Kurt Hornik and Andreas Weingessel and Friedrich Leisch},
    year = {2019},
    note = {R package version 1.7-1},
    url = {https://CRAN.R-project.org/package=e1071},
}
  
@Manual{svmpath-pkg,
    title = {svmpath: The SVM Path Algorithm},
    author = {Trevor Hastie},
    year = {2016},
    note = {R package version 0.955},
    url = {https://CRAN.R-project.org/package=svmpath},
}

@Article{kernlab-pkg,
    title = {kernlab -- An {S4} Package for Kernel Methods in {R}},
    author = {Alexandros Karatzoglou and Alex Smola and Kurt Hornik and Achim Zeileis},
    journal = {Journal of Statistical Software},
    year = {2004},
    volume = {11},
    number = {9},
    pages = {1--20},
    url = {http://www.jstatsoft.org/v11/i09/},
}

@article{celeux1995gaussian,
  title={Gaussian parsimonious clustering models},
  author={Celeux, Gilles and Govaert, G{\'e}rard},
  journal={Pattern recognition},
  volume={28},
  number={5},
  pages={781--793},
  year={1995},
  publisher={Elsevier}
}

@Article{R-mclust,
    title = {{mclust} 5: clustering, classification and density estimation using {G}aussian finite mixture models},
    author = {Luca Scrucca and Michael Fop and Thomas Brendan Murphy and Adrian E. Raftery},
    journal = {The {R} Journal},
    year = {2016},
    volume = {8},
    number = {1},
    pages = {205--233},
    url = {https://journal.r-project.org/archive/2016-1/scrucca-fop-murphy-etal.pdf}
    }
    
@techreport{fraley2012mclust,
  title={mclust version 4 for R: normal mixture modeling for model-based clustering, classification, and density estimation},
  author={Fraley, Chris and Raftery, Adrian E and Murphy, T Brendan and Scrucca, Luca},
  year={2012},
  institution={Technical report}
}    

@article{dasgupta1998detecting,
  title={Detecting features in spatial point processes with clutter via model-based clustering},
  author={Dasgupta, Abhijit and Raftery, Adrian E},
  journal={Journal of the American statistical Association},
  volume={93},
  number={441},
  pages={294--302},
  year={1998},
  publisher={Taylor \& Francis}
}

@article{fraley1998many,
  title={How many clusters? Which clustering method? Answers via model-based cluster analysis},
  author={Fraley, Chris and Raftery, Adrian E},
  journal={The computer journal},
  volume={41},
  number={8},
  pages={578--588},
  year={1998},
  publisher={Oxford University Press}
}

@article{lee2013model,
  title={Model-based clustering and classification with non-normal mixture distributions},
  author={Lee, Sharon X and McLachlan, Geoffrey J},
  journal={Statistical Methods \& Applications},
  volume={22},
  number={4},
  pages={427--454},
  year={2013},
  publisher={Springer}
}

@article{bouveyron2014model,
  title={Model-based clustering of high-dimensional data: A review},
  author={Bouveyron, Charles and Brunet-Saumard, Camille},
  journal={Computational Statistics \& Data Analysis},
  volume={71},
  pages={52--78},
  year={2014},
  publisher={Elsevier}
}

@article{bouveyron2007high,
  title={High-dimensional data clustering},
  author={Bouveyron, Charles and Girard, St{\'e}phane and Schmid, Cordelia},
  journal={Computational Statistics \& Data Analysis},
  volume={52},
  number={1},
  pages={502--519},
  year={2007},
  publisher={Elsevier}
}

@Article{R-HDclassif,
    title = {{HDclassif}: An {R} Package for Model-Based Clustering and Discriminant Analysis of High-Dimensional Data},
    author = {Laurent Berg\'e and Charles Bouveyron and St\'ephane Girard},
    journal = {Journal of Statistical Software},
    year = {2012},
    volume = {46},
    number = {6},
    pages = {1--29},
    url = {http://www.jstatsoft.org/v46/i06/},
  }
  
@book{kaufman2009finding,
  title={Finding groups in data: an introduction to cluster analysis},
  author={Kaufman, Leonard and Rousseeuw, Peter J},
  volume={344},
  year={2009},
  publisher={John Wiley \& Sons}
}  

@article{ma2007segmentation,
  title={Segmentation of multivariate mixed data via lossy data coding and compression},
  author={Ma, Yi and Derksen, Harm and Hong, Wei and Wright, John},
  journal={IEEE transactions on pattern analysis and machine intelligence},
  volume={29},
  number={9},
  pages={1546--1562},
  year={2007},
  publisher={IEEE}
}

@book{hair2006multivariate,
  title={Multivariate data analysis},
  author={Hair, Joseph F},
  year={2006},
  publisher={Pearson Education India}
}
@inproceedings{zhao2009cyclizing,
  title={Cyclizing clusters via zeta function of a graph},
  author={Zhao, Deli and Tang, Xiaoou},
  booktitle={Advances in Neural Information Processing Systems},
  pages={1953--1960},
  year={2009}
}

@article{zhang2013agglomerative,
  title={Agglomerative clustering via maximum incremental path integral},
  author={Zhang, Wei and Zhao, Deli and Wang, Xiaogang},
  journal={Pattern Recognition},
  volume={46},
  number={11},
  pages={3056--3065},
  year={2013},
  publisher={Elsevier}
}

@article{ketchen1996application,
  title={The application of cluster analysis in strategic management research: an analysis and critique},
  author={Ketchen, David J and Shook, Christopher L},
  journal={Strategic management journal},
  volume={17},
  number={6},
  pages={441--458},
  year={1996},
  publisher={Wiley Online Library}
}
