@Manual{R-base,
  title = {R: A Language and Environment for Statistical Computing},
  author = {{R Core Team}},
  organization = {R Foundation for Statistical Computing},
  address = {Vienna, Austria},
  year = {2017},
  url = {https://www.R-project.org/},
}
@Manual{R-bookdown,
  title = {bookdown: Authoring Books and Technical Documents with R Markdown},
  author = {Yihui Xie},
  year = {2018},
  note = {R package version 0.7},
  url = {https://CRAN.R-project.org/package=bookdown},
}
@Manual{R-knitr,
  title = {knitr: A General-Purpose Package for Dynamic Report Generation in R},
  author = {Yihui Xie},
  year = {2018},
  note = {R package version 1.20},
  url = {https://CRAN.R-project.org/package=knitr},
}
@Manual{R-rmarkdown,
  title = {rmarkdown: Dynamic Documents for R},
  author = {JJ Allaire and Joe Cheng and Yihui Xie and Jonathan McPherson and Winston Chang and Jeff Allen and Hadley Wickham and Aron Atkins and Rob Hyndman and Ruben Arslan},
  year = {2017},
  note = {R package version 1.6},
  url = {https://CRAN.R-project.org/package=rmarkdown},
}

@Manual{R-ames,
    title = {AmesHousing: The Ames Iowa Housing Data},
    author = {Max Kuhn},
    year = {2017},
    note = {R package version 0.0.3},
    url = {https://CRAN.R-project.org/package=AmesHousing},
}
  
@Manual{R-caret,
    title = {caret: Classification and Regression Training},
    author = {Max Kuhn. Contributions from Jed Wing and Steve Weston and Andre Williams and Chris Keefer and Allan Engelhardt and Tony Cooper and Zachary Mayer and Brenton Kenkel and the R Core Team and Michael Benesty and Reynald Lescarbeau and Andrew Ziem and Luca Scrucca and Yuan Tang and Can Candan and Tyler Hunt.},
    year = {2018},
    note = {R package version 6.0-80},
    url = {https://CRAN.R-project.org/package=caret},
}  

@Manual{R-ModelMetrics,
    title = {ModelMetrics: Rapid Calculation of Model Metrics},
    author = {Tyler Hunt},
    year = {2018},
    note = {R package version 1.2.2},
    url = {https://CRAN.R-project.org/package=ModelMetrics},
}

@Manual{R-dplyr,
    title = {dplyr: A Grammar of Data Manipulation},
    author = {Hadley Wickham and Romain François and Lionel Henry and Kirill Müller},
    year = {2018},
    note = {R package version 0.7.5},
    url = {https://CRAN.R-project.org/package=dplyr},
}

@Manual{R-h2o,
    title = {h2o: R Interface for 'H2O'},
    author = {Tom Kraljevic},
    year = {2018},
    note = {R package version 3.18.0.11},
    url = {https://CRAN.R-project.org/package=h2o},
}

@Manual{R-rsample,
    title = {rsample: General Resampling Infrastructure},
    author = {Max Kuhn and Hadley Wickham},
    year = {2017},
    note = {R package version 0.0.2},
    url = {https://CRAN.R-project.org/package=rsample},
}

@Manual{R-glmnet,
    title = {Regularization Paths for Generalized Linear Models via Coordinate Descent},
    author = {Jerome Friedman and Trevor Hastie and Robert Tibshirani},
    journal = {Journal of Statistical Software},
    year = {2010},
    volume = {33},
    number = {1},
    pages = {1--22},
    url = {http://www.jstatsoft.org/v33/i01/},
}

@Article{R-pROC,
    title = {pROC: an open-source package for R and S+ to analyze and compare ROC curves},
    author = {Xavier Robin and Natacha Turck and Alexandre Hainard and Natalia Tiberti and Frédérique Lisacek and Jean-Charles Sanchez and Markus Müller},
    year = {2011},
    journal = {BMC Bioinformatics},
    volume = {12},
    pages = {77},
}

@Article{R-pdp,
    title = {pdp: An R Package for Constructing Partial Dependence Plots},
    author = {Brandon M. Greenwell},
    journal = {The R Journal},
    year = {2017},
    volume = {9},
    number = {1},
    pages = {421--436},
    url = {https://journal.r-project.org/archive/2017/RJ-2017-016/index.html},
}  

@Article{R-ranger,
    title = {{ranger}: A Fast Implementation of Random Forests for High Dimensional Data in {C++} and {R}},
    author = {Marvin N. Wright and Andreas Ziegler},
    journal = {Journal of Statistical Software},
    year = {2017},
    volume = {77},
    number = {1},
    pages = {1--17},
    doi = {10.18637/jss.v077.i01},
}

@Manual{R-gbm,
    title = {gbm: Generalized Boosted Regression Models},
    author = {Greg Ridgeway with contributions from others},
    year = {2017},
    note = {R package version 2.1.3},
    url = {https://CRAN.R-project.org/package=gbm},
  }
  
@Manual{R-xgboost,
    title = {xgboost: Extreme Gradient Boosting},
    author = {Tianqi Chen and Tong He and Michael Benesty and Vadim Khotilovich and Yuan Tang and Hyunsu Cho and Kailong Chen and Rory Mitchell and Ignacio Cano and Tianyi Zhou and Mu Li and Junyuan Xie and Min Lin and Yifeng Geng and Yutian Li},
    year = {2018},
    note = {R package version 0.71.1},
    url = {https://CRAN.R-project.org/package=xgboost},
  }

@Manual{R-extracat,
  title = {extracat: Categorical Data Analysis and Visualization},
  author = {Alexander Pilhoefer},
  year = {2018},
  note = {R package version 1.7-6},
  url = {https://CRAN.R-project.org/package=extracat},
}  
  
@Manual{R-apm,
    title = {AppliedPredictiveModeling: Functions and Data Sets for 'Applied Predictive Modeling'},
    author = {Max Kuhn and Kjell Johnson},
    year = {2018},
    note = {R package version 1.1-7},
    url = {https://CRAN.R-project.org/package=AppliedPredictiveModeling},
  }  
  
@Manual{R-earth,
    title = {earth: Multivariate Adaptive Regression Splines},
    author = {Stephen Milborrow. Derived from mda:mars by Trevor Hastie and Rob Tibshirani. Uses Alan Miller's Fortran utilities with Thomas Lumley's leaps wrapper.},
    year = {2019},
    note = {R package version 4.7.0},
    url = {https://CRAN.R-project.org/package=earth},
  } 
  
@Manual{R-dslabs,
    title = {dslabs: Data Science Labs},
    author = {Rafael A. Irizarry},
    year = {2018},
    note = {R package version 0.5.2},
    url = {https://CRAN.R-project.org/package=dslabs},
  }  
  
@Manual{R-fnn,
    title = {FNN: Fast Nearest Neighbor Search Algorithms and Applications},
    author = {Alina Beygelzimer and Sham Kakadet and John Langford and Sunil Arya and David Mount and Shengqiao Li},
    year = {2018},
    note = {R package version 1.1.2.2},
    url = {https://CRAN.R-project.org/package=FNN},
  }  